<?xml version="1.0" encoding="UTF-8"?><collection xmlns="http://www.loc.gov/MARC21/slim"><record><leader>00431nam--2200145-i-4500</leader><controlfield tag="001">000034486</controlfield><controlfield tag="002">20161230</controlfield><controlfield tag="005">20161230201040</controlfield><controlfield tag="008">060222s1000------------r-----000-0-eng-d</controlfield><datafield ind1=" " ind2=" " tag="080"><subfield code="a">547</subfield></datafield><datafield ind1=" " ind2=" " tag="100"><subfield code="a">Norman, R.O.C.And Taylor, R</subfield></datafield><datafield ind1=" " ind2=" " tag="245"><subfield code="a">Electrophilic substitution in benzenoid compounds</subfield></datafield><datafield ind1=" " ind2=" " tag="260"><subfield code="a">Amsterdam, Elsevier Publ.Co., 1965, Ix + 343p</subfield></datafield><datafield ind1=" " ind2=" " tag="490"><subfield code="a">Reaction Mechanisms In Organic Chemistry, Monograph</subfield></datafield><datafield ind1=" " ind2=" " tag="852"><subfield code="a">13870</subfield></datafield></record></collection>